{
  "leader": "03049cas a2200637 i 4500",
  "fields": [
    {
      "001": "ocm01565510\\"
    },
    {
      "003": "OCoLC"
    },
    {
      "005": "20220225112515.0"
    },
    {
      "008": "750824c19509999nyuqr\\p\\\\\\\\\\\\\\0\\\\\\a0eng\\c"
    },
    {
      "010": {
        "ind1": "\\",
        "ind2": "\\",
        "subfields": [
          {
            "a": "   55026985 "
          }
        ]
      }
    },
    {
      "040": {
        "ind1": "\\",
        "ind2": "\\",
        "subfields": [
          {
            "a": "MUL"
          },
          {
            "b": "eng"
          },
          {
            "c": "MUL"
          },
          {
            "d": "BTI"
          },
          {
            "d": "NSD"
          },
          {
            "d": "DLC"
          },
          {
            "d": "NSD"
          },
          {
            "d": "AIP"
          },
          {
            "d": "NSD"
          },
          {
            "d": "AIP"
          },
          {
            "d": "NSD"
          },
          {
            "d": "DLC"
          },
          {
            "d": "NSD"
          },
          {
            "d": "IUL"
          },
          {
            "d": "NST"
          },
          {
            "d": "SYS"
          },
          {
            "d": "OCLCQ"
          },
          {
            "d": "NLM"
          },
          {
            "d": "OCLCQ"
          },
          {
            "d": "ATL"
          },
          {
            "d": "NLGGC"
          },
          {
            "d": "LVB"
          },
          {
            "d": "NSD"
          },
          {
            "d": "MYG"
          },
          {
            "d": "ATL"
          },
          {
            "d": "SCL"
          },
          {
            "d": "OCLCQ"
          },
          {
            "d": "UKMGB"
          },
          {
            "d": "OCLCQ"
          },
          {
            "d": "OCLCF"
          },
          {
            "d": "OCLCO"
          },
          {
            "d": "GILDS"
          },
          {
            "d": "OCLCO"
          },
          {
            "d": "PAU"
          },
          {
            "d": "OCLCQ"
          },
          {
            "d": "FUG"
          },
          {
            "d": "MR4"
          }
        ]
      }
    },
    {
      "012": {
        "ind1": "\\",
        "ind2": "\\",
        "subfields": [
          {
            "a": "3"
          },
          {
            "i": "9012"
          },
          {
            "j": "0"
          },
          {
            "k": "1"
          },
          {
            "m": "1"
          }
        ]
      }
    },
    {
      "016": {
        "ind1": "7",
        "ind2": "\\",
        "subfields": [
          {
            "a": "101082891"
          },
          {
            "2": "DNLM"
          }
        ]
      }
    },
    {
      "016": {
        "ind1": "7",
        "ind2": "\\",
        "subfields": [
          {
            "a": "007158378"
          },
          {
            "2": "Uk"
          }
        ]
      }
    },
    {
      "019": {
        "ind1": "\\",
        "ind2": "\\",
        "subfields": [
          {
            "a": "22165333"
          },
          {
            "a": "222220254"
          },
          {
            "a": "223347256"
          },
          {
            "a": "262288443"
          },
          {
            "a": "270631592"
          },
          {
            "a": "317429561"
          },
          {
            "a": "844732002"
          },
          {
            "a": "978092604"
          },
          {
            "a": "1064461311"
          },
          {
            "a": "1201846821"
          }
        ]
      }
    },
    {
      "022": {
        "ind1": "\\",
        "ind2": "\\",
        "subfields": [
          {
            "a": "0011-1953"
          },
          {
            "l": "0011-1953"
          },
          {
            "2": "1"
          }
        ]
      }
    },
    {
      "032": {
        "ind1": "\\",
        "ind2": "\\",
        "subfields": [
          {
            "a": "138600"
          },
          {
            "b": "USPS"
          }
        ]
      }
    },
    {
      "035": {
        "ind1": "\\",
        "ind2": "\\",
        "subfields": [
          {
            "a": "(OCoLC)1565510"
          },
          {
            "z": "(OCoLC)22165333"
          },
          {
            "z": "(OCoLC)222220254"
          },
          {
            "z": "(OCoLC)223347256"
          },
          {
            "z": "(OCoLC)262288443"
          },
          {
            "z": "(OCoLC)270631592"
          },
          {
            "z": "(OCoLC)317429561"
          },
          {
            "z": "(OCoLC)844732002"
          },
          {
            "z": "(OCoLC)978092604"
          },
          {
            "z": "(OCoLC)1064461311"
          },
          {
            "z": "(OCoLC)1201846821"
          }
        ]
      }
    },
    {
      "037": {
        "ind1": "\\",
        "ind2": "\\",
        "subfields": [
          {
            "b": "College of New Rochelle, New Rochelle, NY 10805-2308"
          }
        ]
      }
    },
    {
      "042": {
        "ind1": "\\",
        "ind2": "\\",
        "subfields": [
          {
            "a": "nsdp"
          },
          {
            "a": "pcc"
          }
        ]
      }
    },
    {
      "050": {
        "ind1": "0",
        "ind2": "0",
        "subfields": [
          {
            "a": "BR1"
          },
          {
            "b": ".C6978"
          }
        ]
      }
    },
    {
      "050": {
        "ind1": "1",
        "ind2": "4",
        "subfields": [
          {
            "a": "LB3609"
          },
          {
            "b": ".R44"
          }
        ]
      }
    },
    {
      "082": {
        "ind1": "0",
        "ind2": "4",
        "subfields": [
          {
            "a": "205"
          },
          {
            "b": "CRO"
          }
        ]
      }
    },
    {
      "210": {
        "ind1": "0",
        "ind2": "\\",
        "subfields": [
          {
            "a": "Cross curr."
          }
        ]
      }
    },
    {
      "222": {
        "ind1": "\\",
        "ind2": "0",
        "subfields": [
          {
            "a": "Cross currents"
          }
        ]
      }
    },
    {
      "245": {
        "ind1": "0",
        "ind2": "0",
        "subfields": [
          {
            "a": "Cross currents."
          }
        ]
      }
    },
    {
      "246": {
        "ind1": "1",
        "ind2": "\\",
        "subfields": [
          {
            "a": "Crosscurrents"
          }
        ]
      }
    },
    {
      "260": {
        "ind1": "\\",
        "ind2": "\\",
        "subfields": [
          {
            "a": "[New Rochelle, NY, etc.] :"
          },
          {
            "b": "[Association for Religion and Intellectual Life, etc.]"
          }
        ]
      }
    },
    {
      "300": {
        "ind1": "\\",
        "ind2": "\\",
        "subfields": [
          {
            "a": "volumes ;"
          },
          {
            "c": "26 cm"
          }
        ]
      }
    },
    {
      "310": {
        "ind1": "\\",
        "ind2": "\\",
        "subfields": [
          {
            "a": "Quarterly"
          }
        ]
      }
    },
    {
      "336": {
        "ind1": "\\",
        "ind2": "\\",
        "subfields": [
          {
            "a": "text"
          },
          {
            "b": "txt"
          },
          {
            "2": "rdacontent"
          }
        ]
      }
    },
    {
      "337": {
        "ind1": "\\",
        "ind2": "\\",
        "subfields": [
          {
            "a": "unmediated"
          },
          {
            "b": "n"
          },
          {
            "2": "rdamedia"
          }
        ]
      }
    },
    {
      "338": {
        "ind1": "\\",
        "ind2": "\\",
        "subfields": [
          {
            "a": "volume"
          },
          {
            "b": "nc"
          },
          {
            "2": "rdacarrier"
          }
        ]
      }
    },
    {
      "362": {
        "ind1": "0",
        "ind2": "\\",
        "subfields": [
          {
            "a": "v. 1- fall 1950-"
          }
        ]
      }
    },
    {
      "500": {
        "ind1": "\\",
        "ind2": "\\",
        "subfields": [
          {
            "a": "\"A quarterly review to explore the implications of Christianity for our times.\""
          }
        ]
      }
    },
    {
      "500": {
        "ind1": "\\",
        "ind2": "\\",
        "subfields": [
          {
            "a": "Published: West Nyack, N.Y. : Convergence, Inc., <1978>-winter 1989/90; New Rochelle, N.Y. : Association for Religion & Intellectual Life, spring 1990-"
          }
        ]
      }
    },
    {
      "530": {
        "ind1": "\\",
        "ind2": "\\",
        "subfields": [
          {
            "a": "Available on microfilm from University Microfilm to subscribers only."
          }
        ]
      }
    },
    {
      "650": {
        "ind1": "\\",
        "ind2": "0",
        "subfields": [
          {
            "a": "Theology"
          },
          {
            "v": "Periodicals."
          }
        ]
      }
    },
    {
      "650": {
        "ind1": "\\",
        "ind2": "0",
        "subfields": [
          {
            "a": "Religion"
          },
          {
            "v": "Periodicals."
          }
        ]
      }
    },
    {
      "650": {
        "ind1": "\\",
        "ind2": "7",
        "subfields": [
          {
            "a": "Religion."
          },
          {
            "2": "fast"
          },
          {
            "0": "(OCoLC)fst01093763"
          }
        ]
      }
    },
    {
      "650": {
        "ind1": "\\",
        "ind2": "7",
        "subfields": [
          {
            "a": "Theology."
          },
          {
            "2": "fast"
          },
          {
            "0": "(OCoLC)fst01149559"
          }
        ]
      }
    },
    {
      "655": {
        "ind1": "\\",
        "ind2": "7",
        "subfields": [
          {
            "a": "Periodicals."
          },
          {
            "2": "fast"
          },
          {
            "0": "(OCoLC)fst01411641"
          }
        ]
      }
    },
    {
      "655": {
        "ind1": "\\",
        "ind2": "7",
        "subfields": [
          {
            "a": "Periodicals."
          },
          {
            "2": "lcgft"
          }
        ]
      }
    },
    {
      "710": {
        "ind1": "2",
        "ind2": "\\",
        "subfields": [
          {
            "a": "Association for Religion & Intellectual Life."
          }
        ]
      }
    },
    {
      "776": {
        "ind1": "0",
        "ind2": "8",
        "subfields": [
          {
            "i": "Online version:"
          },
          {
            "t": "Cross currents (Online)"
          },
          {
            "x": "1939-3881"
          },
          {
            "w": "(DLC)sn 98048229"
          },
          {
            "w": "(OCoLC)38907558"
          }
        ]
      }
    },
    {
      "776": {
        "ind1": "0",
        "ind2": "8",
        "subfields": [
          {
            "i": "Online version:"
          },
          {
            "t": "Cross currents (Online)"
          },
          {
            "x": "1939-3881"
          },
          {
            "w": "(OCoLC)1121298125"
          }
        ]
      }
    },
    {
      "776": {
        "ind1": "0",
        "ind2": "8",
        "subfields": [
          {
            "i": "Microfilm version:"
          },
          {
            "t": "Cross currents (Microfilm, UM)"
          },
          {
            "w": "(OCoLC)3553881"
          }
        ]
      }
    },
    {
      "780": {
        "ind1": "0",
        "ind2": "5",
        "subfields": [
          {
            "t": "Religion & intellectual life"
          },
          {
            "g": "spring 1990"
          },
          {
            "x": "0741-0549"
          },
          {
            "w": "(DLC)   87641681"
          },
          {
            "w": "(OCoLC)10076084"
          }
        ]
      }
    },
    {
      "850": {
        "ind1": "\\",
        "ind2": "\\",
        "subfields": [
          {
            "a": "ArU"
          },
          {
            "a": "CU-I"
          },
          {
            "a": "IaAS"
          },
          {
            "a": "InU"
          },
          {
            "a": "MMeT"
          },
          {
            "a": "MoSU"
          },
          {
            "a": "NN"
          }
        ]
      }
    },
    {
      "856": {
        "ind1": "4",
        "ind2": "1",
        "subfields": [
          {
            "u": "http://www3.interscience.wiley.com/cgi-bin/jtoc?ID=118902558"
          }
        ]
      }
    },
    {
      "856": {
        "ind1": "4",
        "ind2": "1",
        "subfields": [
          {
            "z": "Subscription required."
          },
          {
            "u": "http://www.search.atlaonline.com/pls/eli/eli_bd.volsuper?TXT=n0011-1953"
          }
        ]
      }
    },
    {
      "891": {
        "ind1": "0",
        "ind2": "3",
        "subfields": [
          {
            "9": "853"
          },
          {
            "8": "1"
          },
          {
            "a": "v."
          },
          {
            "b": "(*)"
          },
          {
            "i": "(year)"
          },
          {
            "j": "(season)"
          }
        ]
      }
    },
    {
      "891": {
        "ind1": "4",
        "ind2": "0",
        "subfields": [
          {
            "9": "863"
          },
          {
            "8": "1"
          },
          {
            "a": "<1>-"
          },
          {
            "i": "<1950/1951>-"
          },
          {
            "x": "provisional"
          }
        ]
      }
    },
    {
      "994": {
        "ind1": "\\",
        "ind2": "\\",
        "subfields": [
          {
            "a": "Z0"
          },
          {
            "b": "NYRVC"
          }
        ]
      }
    },
    {
      "948": {
        "ind1": "\\",
        "ind2": "\\",
        "subfields": [
          {
            "h": "NO HOLDINGS IN NYRVC - 664 OTHER HOLDINGS"
          }
        ]
      }
    },
    {
      "999": {
        "ind1": "\\",
        "ind2": "\\",
        "subfields": [
          {
            "a": "00000000016522"
          },
          {
            "v": "v. 39, no. 3"
          }
        ]
      }
    }
  ]
}